% This file was created with JabRef 2.10.
% Encoding: ISO8859_1

@book{Valdes,
  title = {Global ocean science report: the current status of ocean science around the world},
  author = {Valdes, Luis},
  isbn = {978-92-3-100226-7},
  series = {International series of monographs on physics},
  year = {2017},
  keywords = {Ocean Science}
}

@online{naturewebsite,
    author = "Martin Visbeck",
    title = "Ocean science research is key for a sustainable future",
    url  = "https://www.nature.com/articles/s41467-018-03158-3",
    addendum = "(accessed: 23.09.2021)",
}

@online{NOAAwebsite,
    author = "NOAA",
    title = "Why should we care about the ocean?",
    url  = "https://oceanservice.noaa.gov/facts/why-care-about-ocean.html",
    addendum = "(accessed: 23.09.2021)",
}

@unpublished{Phillip,
  author = {Philip van Schalkwyk},
  title  = {Design of an Unmanned Sailing Vessel},
  note   = {Stellenbosch University final year project},
  year   = {2021}
}

@Article{dahl+etal_taslp12,
  Title                    = {Context-dependent pre-trained deep neural networks for large-vocabulary speech recognition},
  Author                   = {Dahl, George E and Yu, Dong and Deng, Li and Acero, Alex},
  Journal                  = {IEEE Trans. Audio, Speech, Language Process.},
  Year                     = {2012},
  Number                   = {1},
  Pages                    = {30--42},
  Volume                   = {20},

  Owner                    = {kamperh},
  Quality                  = {1},
  Timestamp                = {2014.09.15}
}

@Article{hinton+etal_spm2012,
  Title                    = {Deep neural networks for acoustic modeling in speech recognition: The shared views of four research groups},
  Author                   = {Hinton, Geoffrey and Deng, Li and Yu, Dong and Dahl, George E and Mohamed, Abdel-Rahman and Jaitly, Navdeep and Senior, Andrew and Vanhoucke, Vincent and Nguyen, Patrick and Sainath, Tara N and Kingsbury, B},
  Journal                  = {{IEEE} Signal Process. Mag.},
  Year                     = {2012},
  Number                   = {6},
  Pages                    = {82--97},
  Volume                   = {29},

  Owner                    = {kamperh},
  Quality                  = {1},
  Timestamp                = {2014.09.15}
}

